<record><leader>00000cas a22000007a 4500</leader><controlfield tag="001">20978799</controlfield><controlfield tag="008">900131d19011980nhuwr ne      0    0eng d</controlfield><datafield ind1=" " ind2=" " tag="010"><subfield code="a">sn 90062223 </subfield></datafield><datafield ind1=" " ind2=" " tag="040"><subfield code="a">NVH</subfield><subfield code="b">eng</subfield><subfield code="c">NVH</subfield><subfield code="d">OCLCQ</subfield></datafield><datafield ind1="0" ind2="4" tag="245"><subfield code="a">The Bristol enterprise.</subfield></datafield><datafield ind1=" " ind2=" " tag="260"><subfield code="a">Bristol, N.H. :</subfield><subfield code="b">R.W. Musgrove</subfield></datafield><datafield ind1=" " ind2=" " tag="300"><subfield code="a">v.</subfield></datafield><datafield ind1=" " ind2=" " tag="310"><subfield code="a">Weekly</subfield></datafield><datafield ind1="0" ind2=" " tag="362"><subfield code="a">Vol. 23, no. 32 (Jan. 10, 1901)-v. 102, no. 19 (Sept. 25, 1980).</subfield></datafield><datafield ind1=" " ind2=" " tag="752"><subfield code="a">United States</subfield><subfield code="b">New Hampshire</subfield><subfield code="c">Grafton</subfield><subfield code="d">Bristol.</subfield></datafield><datafield ind1="0" ind2="0" tag="780"><subfield code="t">Bristol weekly enterprise</subfield><subfield code="w">(DLC)sn 90062222</subfield></datafield><datafield ind1="0" ind2="0" tag="785"><subfield code="t">Enterprise (Bristol, N.H.)</subfield><subfield code="w">(DLC)sn 90062224</subfield></datafield></record>